@article{768657,
 author = {Beasley, J. E. and Krishnamoorthy, M. and Sharaiha, Y. M. and Abramson, D.},
 title = {Scheduling Aircraft Landings--The Static Case},
 journal = {Transportation Science},
 volume = {34},
 number = {2},
 year = {2000},
 issn = {1526-5447},
 pages = {180--197},
 doi = {http://dx.doi.org/10.1287/trsc.34.2.180.12302},
 publisher = {INFORMS},
 address = {Institute for Operations Research and the Management Sciences (INFORMS), Linthicum, Maryland, USA},
 }

@article{din,
 author = {Beasley, J. E. and Krishnamoorthy, M. and Sharaiha, Y. M. and Abramson, D.},
 title = {Displacement problem and dynamically scheduling aircraft landings},
 journal = {Transportation Science},
 volume = {55},
 number = {1},
 year = {2004},
 issn = {0160-5682},
 pages = {54--64},
 doi = {http://dx.doi.org/10.1057/palgrave.jors.2601650},
 publisher = {Palgrave Macmillan Ltd},
 }

@MISC{Resende02greedyrandomized,
    author = {Mauricio G. C. Resende and Mauricio G. C and Resende and Celso C. Ribeiro},
    title = {Greedy Randomized Adaptive Search Procedures},
    year = {2002}
}